@book{robinson2009current,
  title={Current Therapy in Equine Medicine 6},
  author={Robinson, N.E. and Sprayberry, K.A.},
  isbn={9781416054757},
  lccn={2008038998},
  series={Current Veterinary Therapy Series},
  url={http://books.google.co.uk/books?id=q-26Cz4t-P0C},
  year={2009},
  publisher={Elsevier Limited, Oxford}
  pages = {361+}
}

@book{corley2009equine,
  title={The Equine Hospital Manual},
  author={Corley, K. and Stephen, J.},
  isbn={9781444309379},
  url={http://books.google.co.uk/books?id=uVBUHziCx6IC},
  year={2009},
  publisher={Wiley}
}

@article{edwards2010edaphic,
  title={Edaphic and phytochemical factors as predictors of equine grass sickness cases in the UK},
  author={Edwards, S.E. and Martz, K.E. and Rogge, A. and Heinrich, M.},
  journal={Frontiers in Pharmacology},
  volume={1},
  year={2010},
  publisher={Frontiers Media SA}
}

@article{wylie2009equine,
  title={Equine grass sickness: epidemiology, diagnosis, and global distribution.},
  author={Wylie, C.E. and Proudman, C.J. and others},
  journal={The Veterinary clinics of North America. Equine practice},
  volume={25},
  number={2},
  pages={381},
  year={2009}
}

@misc{web,
	author={Equine Grass Sickness Fund}
	title={Equine Grass Sickness}
	howpublished={www.liv.ac.uk/equinecolic/colic_types_causes/grass_sickness},
	publisher={University of Liverpool}	
	}